@article{harmonic_mean,
  title={Ligament formation in sheared liquid--gas layers},
  author={Boeck, Thomas and Li, Jie and L{\'o}pez-Pag{\'e}s, Enrique and Yecko, Philip and Zaleski, St{\'e}phane},
  journal={Theoretical and Computational Fluid Dynamics},
  volume={21},
  number={1},
  pages={59--76},
  year={2007},
  publisher={Springer}
}

@article{gueyffier,
  title={Volume-of-fluid interface tracking with smoothed surface stress methods for three-dimensional flows},
  author={Gueyffier, Denis and Li, Jie and Nadim, Ali and Scardovelli, Ruben and Zaleski, St{\'e}phane},
  journal={Journal of Computational physics},
  volume={152},
  number={2},
  pages={423--456},
  year={1999},
  publisher={Elsevier}
}


@article{rudman1998volume,
  title={A volume-tracking method for incompressible multifluid flows with large density variations},
  author={Rudman, Murray},
  journal={International Journal for numerical methods in fluids},
  volume={28},
  number={2},
  pages={357--378},
  year={1998},
  publisher={Wiley Online Library}
}

@inproceedings{bussmann2002modeling,
  title={Modeling high density ratio incompressible interfacial flows},
  author={Bussmann, Markus and Kothe, Douglas B and Sicilian, James M},
  booktitle={ASME 2002 Joint US-European Fluids Engineering Division Conference},
  pages={707--713},
  year={2002},
  organization={American Society of Mechanical Engineers}
}

@article{raessi2012consistent,
  title={Consistent mass and momentum transport for simulating incompressible interfacial flows with large density ratios using the level set method},
  author={Raessi, Mehdi and Pitsch, Heinz},
  journal={Computers \& Fluids},
  volume={63},
  pages={70--81},
  year={2012},
  publisher={Elsevier}
}

@article{ghods2013consistent,
  title={A consistent rescaled momentum transport method for simulating large density ratio incompressible multiphase flows using level set methods},
  author={Ghods, S and Herrmann, Marcus},
  journal={Physica Scripta},
  volume={2013},
  number={T155},
  pages={014050},
  year={2013},
  publisher={IOP Publishing}
}

@article{le2013monotonicity,
  title={A monotonicity preserving conservative sharp interface flow solver for high density ratio two-phase flows},
  author={Le Chenadec, Vincent and Pitsch, Heinz},
  journal={Journal of Computational Physics},
  volume={249},
  pages={185--203},
  year={2013},
  publisher={Elsevier}
}

@article{owkes2017mass,
  title={A mass and momentum conserving unsplit semi-Lagrangian framework for simulating multiphase flows},
  author={Owkes, Mark and Desjardins, Olivier},
  journal={Journal of Computational Physics},
  volume={332},
  pages={21--46},
  year={2017},
  publisher={Elsevier}
}

@article{vaudor2017consistent,
  title={A consistent mass and momentum flux computation method for two phase flows. Application to atomization process},
  author={Vaudor, G and M{\'e}nard, T and Aniszewski, W and Doring, M and Berlemont, A},
  journal={Computers \& Fluids},
  volume={152},
  pages={204--216},
  year={2017},
  publisher={Elsevier}
}

@article{patel2017novel,
  title={A novel consistent and well-balanced algorithm for simulations of multiphase flows on unstructured grids},
  author={Patel, Jitendra Kumar and Natarajan, Ganesh},
  journal={Journal of computational physics},
  volume={350},
  pages={207--236},
  year={2017},
  publisher={Elsevier}
}

@article{wy,
  title={Conservative volume-of-fluid method for free-surface simulations on cartesian-grids},
  author={Weymouth, Gabriel D and Yue, Dick K-P},
  journal={Journal of Computational Physics},
  volume={229},
  number={8},
  pages={2853--2865},
  year={2010},
  publisher={Elsevier}
}

@article{popinet2009accurate,
  title={An accurate adaptive solver for surface-tension-driven interfacial flows},
  author={Popinet, St{\'e}phane},
  journal={Journal of Computational Physics},
  volume={228},
  number={16},
  pages={5838--5866},
  year={2009},
  publisher={Elsevier}
}

@article{paris,
  title={PArallel, Robust, Interface Simulator (PARIS)},
  author={Aniszewski, W and Arrufat, T and Crialesi-Esposito, M and Dabiri, S and Fuster, D and Ling, Y and Lu, J and Malan, L and Pal, S and Scardovelli, R and others},
  year={2019}
}

@article{nangia2019robust,
  title={A robust incompressible Navier-Stokes solver for high density ratio multiphase flows},
  author={Nangia, Nishant and Griffith, Boyce E and Patankar, Neelesh A and Bhalla, Amneet Pal Singh},
  journal={Journal of Computational Physics},
  volume={390},
  pages={548--594},
  year={2019},
  publisher={Elsevier}
}

@article{chorin1969convergence,
  title={On the convergence of discrete approximations to the Navier-Stokes equations},
  author={Chorin, Alexandre Joel},
  journal={Mathematics of computation},
  volume={23},
  number={106},
  pages={341--353},
  year={1969}
}

@article{bornia2011properties,
  title={On the properties and limitations of the height function method in two-dimensional Cartesian geometry},
  author={Bornia, G and Cervone, A and Manservisi, Sandro and Scardovelli, Ruben and Zaleski, St{\'e}phane},
  journal={Journal of Computational Physics},
  volume={230},
  number={4},
  pages={851--862},
  year={2011},
  publisher={Elsevier}
}

@article{owkes2015mesh,
  title={A mesh-decoupled height function method for computing interface curvature},
  author={Owkes, Mark and Desjardins, Olivier},
  journal={Journal of Computational Physics},
  volume={281},
  pages={285--300},
  year={2015},
  publisher={Elsevier}
}

@article{briggs1987,
  title={A Multigrid Tutorial, SIAM},
  author={Briggs, William L},
  journal={Carver, MB (1984)“Numerical Computation of Phase Separation in Two Fluid Flow,” ASME Journal of Fluids Engineering},
  volume={106},
  pages={147--153},
  year={1987}
}


@article{lafaurie1994modelling,
  title={Modelling merging and fragmentation in multiphase flows with SURFER},
  author={Lafaurie, Bruno and Nardone, Carlo and Scardovelli, Ruben and Zaleski, St{\'e}phane and Zanetti, Gianluigi},
  journal={Journal of Computational Physics},
  volume={113},
  number={1},
  pages={134--147},
  year={1994},
  publisher={Elsevier}
}

@article{harvie2006analysis,
  title={An analysis of parasitic current generation in volume of fluid simulations},
  author={Harvie, Dalton JE and Davidson, MR and Rudman, Murray},
  journal={Applied mathematical modelling},
  volume={30},
  number={10},
  pages={1056--1066},
  year={2006},
  publisher={Elsevier}
}

@article{popinet1999front,
  title={A front-tracking algorithm for accurate representation of surface tension},
  author={Popinet, St{\'e}phane and Zaleski, St{\'e}phane},
  journal={International Journal for Numerical Methods in Fluids},
  volume={30},
  number={6},
  pages={775--793},
  year={1999},
  publisher={Wiley Online Library}
}

@article{francois2006balanced,
  title={A balanced-force algorithm for continuous and sharp interfacial surface tension models within a volume tracking framework},
  author={Francois, Marianne M and Cummins, Sharen J and Dendy, Edward D and Kothe, Douglas B and Sicilian, James M and Williams, Matthew W},
  journal={Journal of Computational Physics},
  volume={213},
  number={1},
  pages={141--173},
  year={2006},
  publisher={Elsevier}
}

@article{abadie2015combined,
  title={On the combined effects of surface tension force calculation and interface advection on spurious currents within Volume of Fluid and Level Set frameworks},
  author={Abadie, Thomas and Aubin, Joelle and Legendre, Dominique},
  journal={Journal of Computational Physics},
  volume={297},
  pages={611--636},
  year={2015},
  publisher={Elsevier}
}

@article{popinet2018numerical,
  title={Numerical models of surface tension},
  author={Popinet, St{\'e}phane},
  journal={Annual Review of Fluid Mechanics},
  volume={50},
  pages={49--75},
  year={2018},
  publisher={Annual Reviews}
}

@article{prosperetti1981motion,
  title={Motion of two superposed viscous fluids},
  author={Prosperetti, Andrea},
  journal={The Physics of Fluids},
  volume={24},
  number={7},
  pages={1217--1223},
  year={1981},
  publisher={AIP}
}

@book{lamb1993hydrodynamics,
  title={Hydrodynamics},
  author={Lamb, Horace},
  year={1993},
  publisher={Cambridge university press}
}

@article{prosperetti1980free,
  title={Free oscillations of drops and bubbles: the initial-value problem},
  author={Prosperetti, Andrea},
  journal={Journal of Fluid Mechanics},
  volume={100},
  number={2},
  pages={333--347},
  year={1980},
  publisher={Cambridge University Press}
}

@article{gunn1949terminal,
  title={The terminal velocity of fall for water droplets in stagnant air},
  author={Gunn, Ross and Kinzer, Gilbert D},
  journal={Journal of Meteorology},
  volume={6},
  number={4},
  pages={243--248},
  year={1949}
}

@article{xiao2014large,
  title={Large eddy simulation of single droplet and liquid jet primary breakup using a coupled level set/volume of fluid method},
  author={Xiao, Feng and Dianat, Mehriar and McGuirk, James J},
  journal={Atomization and Sprays},
  volume={24},
  number={4},
  year={2014},
  publisher={Begel House Inc.}
}

@article{mirjalili2017interface,
  title={Interface-capturing methods for two-phase flows: An overview and recent developments},
  author={Mirjalili, Shahab and Jain, Suhas S and Dodd, Micheal},
  journal={Center for Turbulence Research Annual Research Briefs},
  volume={2017},
  pages={117--135},
  year={2017}
}

@article{osher1988fronts,
  title={Fronts propagating with curvature-dependent speed: algorithms based on Hamilton-Jacobi formulations},
  author={Osher, Stanley and Sethian, James A},
  journal={Journal of computational physics},
  volume={79},
  number={1},
  pages={12--49},
  year={1988},
  publisher={Elsevier}
}

@article{hirt1981volume,
  title={Volume of fluid (VOF) method for the dynamics of free boundaries},
  author={Hirt, Cyril W and Nichols, Billy D},
  journal={Journal of computational physics},
  volume={39},
  number={1},
  pages={201--225},
  year={1981},
  publisher={Citeseer}
}

@article{zuzio2020new,
  title={A new efficient momentum preserving Level-Set/VOF method for high density and momentum ratio incompressible two-phase flows},
  author={Zuzio, Davide and Orazzo, Annagrazia and Estival{\`e}zes, Jean-Luc and Lagrange, Isabelle},
  journal={Journal of Computational Physics},
  volume={410},
  pages={109342},
  year={2020},
  publisher={Elsevier}
}

@book{lefebvre2017atomization,
  title={Atomization and sprays},
  author={Lefebvre, Arthur H and McDonell, Vincent G},
  year={2017},
  publisher={CRC press}
}

@book{bayvel1993liquid,
  title={Liquid atomization},
  author={Bayvel, LP},
  volume={1040},
  number={2756},
  year={1993},
  publisher={CRC Press}
}

@article{seinfeld1998air,
  title={From air pollution to climate change},
  author={Seinfeld, John H and Pandis, Spyros N},
  journal={Atmospheric Chemistry and Physics},
  pages={1326},
  year={1998},
  publisher={John Wiley \& Sons New York}
}

@article{deckwer1980mechanism,
  title={On the mechanism of heat transfer in bubble column reactors},
  author={Deckwer, W-D},
  journal={Chemical Engineering Science},
  volume={35},
  number={6},
  pages={1341--1346},
  year={1980},
  publisher={Elsevier}
}

@article{johansen1988fluid,
  title={Fluid dynamics in bubble stirred ladles: Part II. Mathematical modeling},
  author={Johansen, ST and Boysan, F},
  journal={Metallurgical Transactions B},
  volume={19},
  number={5},
  pages={755--764},
  year={1988},
  publisher={Springer}
}

@article{lake1977effect,
  title={The effect of drop size and velocity on the performance of agricultural sprays},
  author={Lake, John R},
  journal={Pesticide science},
  volume={8},
  number={5},
  pages={515--520},
  year={1977},
  publisher={Wiley Online Library}
}

@article{reichenberger2007mitigation,
  title={Mitigation strategies to reduce pesticide inputs into ground-and surface water and their effectiveness; A review},
  author={Reichenberger, Stefan and Bach, Martin and Skitschak, Adrian and Frede, Hans-Georg},
  journal={Science of the Total Environment},
  volume={384},
  number={1-3},
  pages={1--35},
  year={2007},
  publisher={Elsevier}
}

@book{zaleskibook,
  title={Direct numerical simulations of gas--liquid multiphase flows},
  author={Tryggvason, Gr{\'e}tar and Scardovelli, Ruben and Zaleski, St{\'e}phane},
  year={2011},
  publisher={Cambridge University Press}
}

@article{zaleskiannual,
  title={Direct numerical simulation of free-surface and interfacial flow},
  author={Scardovelli, Ruben and Zaleski, St{\'e}phane},
  journal={Annual review of fluid mechanics},
  volume={31},
  number={1},
  pages={567--603},
  year={1999},
  publisher={Annual Reviews 4139 El Camino Way, PO Box 10139, Palo Alto, CA 94303-0139, USA}
}

@article{scardovelli2000analytical,
  title={Analytical relations connecting linear interfaces and volume fractions in rectangular grids},
  author={Scardovelli, Ruben and Zaleski, Stephane},
  journal={Journal of Computational Physics},
  volume={164},
  number={1},
  pages={228--237},
  year={2000},
  publisher={Elsevier}
}

@article{basilisk,
  title={Basilisk, a Free-Software program for the solution of partial differential equations on adaptive Cartesian meshes (2018)},
  author={Popinet, S},
  journal={URL http://basilisk. fr}
}

@article{vof_1,
  title={Interface reconstruction with least-square fit and split Eulerian--Lagrangian advection},
  author={Scardovelli, Ruben and Zaleski, Stephane},
  journal={International Journal for Numerical Methods in Fluids},
  volume={41},
  number={3},
  pages={251--274},
  year={2003},
  publisher={Wiley Online Library}
}

@article{vof_2,
  title={Interface reconstruction with least-squares fit and split advection in three-dimensional Cartesian geometry},
  author={Aulisa, Eugenio and Manservisi, Sandro and Scardovelli, Ruben and Zaleski, Stephane},
  journal={Journal of Computational Physics},
  volume={225},
  number={2},
  pages={2301--2319},
  year={2007},
  publisher={Elsevier}
}

@article{aulisa2003,
  title={A geometrical area-preserving volume-of-fluid advection method},
  author={Aulisa, Eugenio and Manservisi, Sandro and Scardovelli, Ruben and Zaleski, Stephane},
  journal={Journal of Computational Physics},
  volume={192},
  number={1},
  pages={355--364},
  year={2003},
  publisher={Elsevier}
}

@article{li95,
  title={Calcul d'interface affine par morceaux},
  author={Li, Jie},
  journal={Comptes rendus de l'Acad{\'e}mie des sciences. S{\'e}rie II, M{\'e}canique, physique, chimie, astronomie},
  volume={320},
  number={8},
  pages={391--396},
  year={1995}
}

@article{flim_1,
  title={High-resolution conservative algorithms for advection in incompressible flow},
  author={LeVeque, Randall J},
  journal={SIAM Journal on Numerical Analysis},
  volume={33},
  number={2},
  pages={627--665},
  year={1996},
  publisher={SIAM}
}

@article{flim_2,
  title={High resolution schemes using flux limiters for hyperbolic conservation laws},
  author={Sweby, Peter K},
  journal={SIAM journal on numerical analysis},
  volume={21},
  number={5},
  pages={995--1011},
  year={1984},
  publisher={SIAM}
}

@article{popinet_gerris,
  title={Gerris: a tree-based adaptive solver for the incompressible Euler equations in complex geometries},
  author={Popinet, St{\'e}phane},
  journal={Journal of Computational Physics},
  volume={190},
  number={2},
  pages={572--600},
  year={2003},
  publisher={Elsevier}
}

@phdthesis{xiao2012,
  title={Large eddy simulation of liquid jet primary breakup},
  author={Xiao, Feng},
  year={2012},
  school={{\copyright} F. Xiao}
}

@article{dodd2014,
  title={A fast pressure-correction method for incompressible two-fluid flows},
  author={Dodd, Michael S and Ferrante, Antonino},
  journal={Journal of Computational Physics},
  volume={273},
  pages={416--434},
  year={2014},
  publisher={Elsevier}
}

@article{gunn1949,
  title={The terminal velocity of fall for water droplets in stagnant air},
  author={Gunn, Ross and Kinzer, Gilbert D},
  journal={Journal of Meteorology},
  volume={6},
  number={4},
  pages={243--248},
  year={1949}
}

@article{caf_momcons,
  title={A momentum-conserving, consistent, Volume-of-Fluid method for incompressible flow on staggered grids},
  author={Fuster, D and Arrufat, T and Crialesi-Esposito, M and Ling, Y and Malan, L and Pal, S and Scardovelli, R and Tryggvason, G and Zaleski, S},
  journal={arXiv preprint arXiv:1811.12327},
  year={2018}
}


@inproceedings{roe1985some,
  title={Some contributions to the modelling of discontinuous flows},
  author={Roe, Philip L},
  booktitle={ams},
  pages={163--193},
  year={1985}
}

@article{vill_1,
  title={Fragmentation},
  author={Villermaux, Emmanuel},
  journal={Annu. Rev. Fluid Mech.},
  volume={39},
  pages={419--446},
  year={2007},
  publisher={Annual Reviews}
}

@article{vill_2,
  title={Ligament-mediated spray formation},
  author={Villermaux, Emmanuel and Marmottant, Ph and Duplat, J},
  journal={Physical review letters},
  volume={92},
  number={7},
  pages={074501},
  year={2004},
  publisher={APS}
}

@article{vill_3,
  title={Fragmentation of stretched liquid ligaments},
  author={Marmottant, Philippe and Villermaux, Emmanuel},
  journal={Physics of fluids},
  volume={16},
  number={8},
  pages={2732--2741},
  year={2004},
  publisher={American Institute of Physics}
}

@article{vill_4,
  title={On spray formation},
  author={Marmottant, Philippe and Villermaux, Emmanuel},
  journal={Journal of fluid mechanics},
  volume={498},
  pages={73},
  year={2004},
  publisher={Cambridge University Press}
}

@article{vill_5,
  title={Drop fragmentation on impact},
  author={Villermaux, Emmanuel and Bossa, Benjamin},
  journal={Journal of Fluid Mechanics},
  volume={668},
  pages={412},
  year={2011},
  publisher={Cambridge University Press}
}

@article{vill_6,
  title={Single-drop fragmentation determines size distribution of raindrops},
  author={Villermaux, Emmanuel and Bossa, Benjamin},
  journal={Nature Physics},
  volume={5},
  number={9},
  pages={697--702},
  year={2009},
  publisher={Nature Publishing Group}
}

@article{bonn,
  title={What determines the drop size in sprays?},
  author={Kooij, Stefan and Sijs, Rick and Denn, Morton M and Villermaux, Emmanuel and Bonn, Daniel},
  journal={Physical Review X},
  volume={8},
  number={3},
  pages={031019},
  year={2018},
  publisher={APS}
}

@article{vill_7,
  title={Atomization by jet impact},
  author={Bremond, Nicolas and Villermaux, Emmanuel},
  journal={Journal of Fluid Mechanics},
  volume={549},
  pages={273},
  year={2006},
  publisher={Cambridge University Press}
}

@article{mckinley,
  title={Ligament mediated fragmentation of viscoelastic liquids},
  author={Keshavarz, Bavand and Houze, Eric C and Moore, John R and Koerner, Michael R and McKinley, Gareth H},
  journal={Physical review letters},
  volume={117},
  number={15},
  pages={154502},
  year={2016},
  publisher={APS}
}

@article{rayleigh1879a,
  title={On the capillary phenomena of jets},
  author={Rayleigh, Lord},
  journal={Proc. R. Soc. London},
  volume={29},
  number={196-199},
  pages={71--97},
  year={1879}
}

@article{rayleigh1879b,
  title={On the stability, or instability, of certain fluid motions},
  author={Rayleigh, Lord},
  journal={Proceedings of the London Mathematical Society},
  volume={1},
  number={1},
  pages={57--72},
  year={1879},
  publisher={Narnia}
}

@article{rutland1971non,
  title={A non-linear effect in the capillary instability of liquid jets},
  author={Rutland, DF and Jameson, GJ},
  journal={Journal of Fluid Mechanics},
  volume={46},
  number={2},
  pages={267--271},
  year={1971},
  publisher={Cambridge University Press}
}

@article{nature,
  title={Drop-size distribution in cloud and fog},
  author={Best, ACi},
  journal={Quarterly Journal of the Royal Meteorological Society},
  volume={77},
  number={333},
  pages={418--426},
  year={1951},
  publisher={Wiley Online Library}
}

@article{industrial,
  title={Modeling drop size distributions},
  author={Babinsky, E and Sojka, PE},
  journal={Progress in energy and combustion science},
  volume={28},
  number={4},
  pages={303--329},
  year={2002},
  publisher={Elsevier}
}

@article{sheet_hole,
  title={'Effervescent'atomization in two dimensions},
  author={Lhuissier, Henri and Villermaux, Emmanuel},
  journal={Journal of Fluid Mechanics},
  volume={714},
  pages={361},
  year={2013},
  publisher={Cambridge University Press}
}

@article{agbag,
  title={Parallel simulation of multiphase flows using octree adaptivity and the volume-of-fluid method},
  author={Agbaglah, Gilou and Delaux, S{\'e}bastien and Fuster, Daniel and Hoepffner, J{\'e}r{\^o}me and Josserand, Christophe and Popinet, St{\'e}phane and Ray, Pascal and Scardovelli, Ruben and Zaleski, St{\'e}phane},
  journal={Comptes Rendus Mecanique},
  volume={339},
  number={2-3},
  pages={194--207},
  year={2011},
  publisher={Elsevier}
}

@article{basilisk_1, 
	title={Capillary effects on wave breaking}, 
	volume={769}, DOI={10.1017/jfm.2015.103}, 
	journal={Journal of Fluid Mechanics}, 
	publisher={Cambridge University Press}, 
	author={Deike, Luc and Popinet, Stephane and Melville, W. Kendall}, 
	year={2015}, 
	pages={541–569}
}

@article{basilisk_2,
  title={Dynamics of jets produced by bursting bubbles},
  author={Deike, Luc and Ghabache, Elisabeth and Liger-Belair, G{\'e}rard and Das, Arup K and Zaleski, St{\'e}phane and Popinet, St{\'e}phane and S{\'e}on, Thomas},
  journal={Physical Review Fluids},
  volume={3},
  number={1},
  pages={013603},
  year={2018},
  publisher={APS}
}

@article{basilisk_3, 
	title={Air entrainment and bubble statistics in breaking waves}, 
	volume={801}, 
	DOI={10.1017/jfm.2016.372}, 
	journal={Journal of Fluid Mechanics}, 
	publisher={Cambridge University Press}, 
	author={Deike, Luc and Melville, W. Kendall and Popinet, Stéphane}, 
	year={2016}, 
	pages={91–129}
}

@article{basilisk_4,
  title={An adaptive solver for viscoelastic incompressible two-phase problems applied to the study of the splashing of weakly viscoelastic droplets},
  author={L{\'o}pez-Herrera, JM and Popinet, St{\'e}phane and Castrej{\'o}n-Pita, AA},
  journal={Journal of Non-Newtonian Fluid Mechanics},
  volume={264},
  pages={144--158},
  year={2019},
  publisher={Elsevier}
}

@article{basilisk_5,
  title={Role of all jet drops in mass transfer from bursting bubbles},
  author={Berny, Alexis and Deike, Luc and S{\'e}on, Thomas and Popinet, St{\'e}phane},
  journal={Physical Review Fluids},
  volume={5},
  number={3},
  pages={033605},
  year={2020},
  publisher={APS}
}

@article{csf,
  title={A continuum method for modeling surface tension},
  author={Brackbill, Jeremiah U and Kothe, Douglas B and Zemach, Charles},
  journal={Journal of computational physics},
  volume={100},
  number={2},
  pages={335--354},
  year={1992},
  publisher={Elsevier}
}

@article{rng,
  title={Mersenne twister: a 623-dimensionally equidistributed uniform pseudo-random number generator},
  author={Matsumoto, Makoto and Nishimura, Takuji},
  journal={ACM Transactions on Modeling and Computer Simulation (TOMACS)},
  volume={8},
  number={1},
  pages={3--30},
  year={1998},
  publisher={ACM New York, NY, USA}
}

@book{gnusl,
  title={GNU scientific library reference manual},
  author={Gough, Brian},
  year={2009},
  publisher={Network Theory Ltd.}
}

@article{plateau1849,
  title={Recherches exp{\'e}rimentales et th{\'e}orique sur les figures d'{\'e}quilibre d'une masse liquide sans pesanteur.},
  author={Plateau, JP},
  journal={M{\'e}moires de l'Acad{\'e}mie Royale des Sciences, des Lettres et des Beaux-Arts de Belgique},
  volume={23},
  pages={1--1},
  year={1849}
}

@book{chandra,
  title={Hydrodynamic and hydromagnetic stability},
  author={Chandrasekhar, Subrahmanyan},
  year={1961},
  publisher={Courier Corporation}
}

@article{weber1931,
  title={Disintegration of liquid jets},
  author={Weber, C},
  journal={Z. Angew. Math. Mech.},
  volume={1},
  pages={136--159},
  year={1931}
}

@article{eggers1997nonlinear,
  title={Nonlinear dynamics and breakup of free-surface flows},
  author={Eggers, Jens},
  journal={Reviews of modern physics},
  volume={69},
  number={3},
  pages={865},
  year={1997},
  publisher={APS}
}

@book{numpy,
  title={A guide to NumPy},
  author={Oliphant, Travis E},
  volume={1},
  year={2006},
  publisher={Trelgol Publishing USA}
}

@article{sat_1,
  title={Satellite formation and merging in liquid jet breakup},
  author={Vassallo, P and Ashgriz, N},
  journal={Proceedings of the Royal Society of London. Series A: Mathematical and Physical Sciences},
  volume={433},
  number={1888},
  pages={269--286},
  year={1991},
  publisher={The Royal Society London}
}

@article{sat_2,
  title={Drop formation in a liquid jet},
  author={Lee, HC},
  journal={IBM Journal of Research and Development},
  volume={18},
  number={4},
  pages={364--369},
  year={1974},
  publisher={IBM}
}

@incollection{least_square,
  title={The Levenberg-Marquardt algorithm: implementation and theory},
  author={Mor{\'e}, Jorge J},
  booktitle={Numerical analysis},
  pages={105--116},
  year={1978},
  publisher={Springer}
}

@article{scipy,
       author = {{Virtanen}, Pauli and {Gommers}, Ralf and {Oliphant},
         Travis E. and {Haberland}, Matt and {Reddy}, Tyler and
         {Cournapeau}, David and {Burovski}, Evgeni and {Peterson}, Pearu
         and {Weckesser}, Warren and {Bright}, Jonathan and {van der Walt},
         St{\'e}fan J.  and {Brett}, Matthew and {Wilson}, Joshua and
         {Jarrod Millman}, K.  and {Mayorov}, Nikolay and {Nelson}, Andrew
         R.~J. and {Jones}, Eric and {Kern}, Robert and {Larson}, Eric and
         {Carey}, CJ and {Polat}, {\.I}lhan and {Feng}, Yu and {Moore},
         Eric W. and {Vand erPlas}, Jake and {Laxalde}, Denis and
         {Perktold}, Josef and {Cimrman}, Robert and {Henriksen}, Ian and
         {Quintero}, E.~A. and {Harris}, Charles R and {Archibald}, Anne M.
         and {Ribeiro}, Ant{\^o}nio H. and {Pedregosa}, Fabian and
         {van Mulbregt}, Paul and {Contributors}, SciPy 1. 0},
        title = "{SciPy 1.0: Fundamental Algorithms for Scientific
                  Computing in Python}",
      journal = {Nature Methods},
         year = "2020",
       adsurl = {https://rdcu.be/b08Wh},
       doi = {https://doi.org/10.1038/s41592-019-0686-2},
}

% References for introduction part

@book{metal,
  title={Atomization of melts: for powder production and spray deposition},
  author={Yule, Andrew J and Dunkley, John J},
  number={11},
  year={1994},
  publisher={Oxford University Press, USA}
}


@article{drop_impact,
  title={Drop impact on a solid surface},
  author={Josserand, Christophe and Thoroddsen, Sigurdur T},
  journal={Annual review of fluid mechanics},
  volume={48},
  pages={365--391},
  year={2016},
  publisher={Annual Reviews}
}


@article{lydia_1,
  title={Violent expiratory events: on coughing and sneezing},
  author={Bourouiba, Lydia and Dehandschoewercker, Eline and Bush, John WM},
  journal={Journal of Fluid Mechanics},
  volume={745},
  pages={537--563},
  year={2014},
  publisher={Cambridge University Press}
}

@article{lydia_2,
  title={Fluid fragmentation shapes rain-induced foliar disease transmission},
  author={Gilet, Tristan and Bourouiba, Lydia},
  journal={Journal of the Royal Society Interface},
  volume={12},
  number={104},
  pages={20141092},
  year={2015},
  publisher={The Royal Society}
}

@article{bubble,
  title={Bubble column reactors},
  author={Kantarci, Nigar and Borak, Fahir and Ulgen, Kutlu O},
  journal={Process biochemistry},
  volume={40},
  number={7},
  pages={2263--2283},
  year={2005},
  publisher={Elsevier}
}

@article{deike,
  title={Air entrainment by breaking waves},
  author={Deike, Luc and Lenain, Luc and Melville, W Kendall},
  journal={Geophysical Research Letters},
  volume={44},
  number={8},
  pages={3779--3787},
  year={2017},
  publisher={Wiley Online Library}
}

@article{lasheras,
  title={Liquid jet instability and atomization in a coaxial gas stream},
  author={Lasheras, Juan C and Hopfinger, EJ},
  journal={Annual review of fluid mechanics},
  volume={32},
  number={1},
  pages={275--308},
  year={2000},
  publisher={Annual Reviews 4139 El Camino Way, PO Box 10139, Palo Alto, CA 94303-0139, USA}
}

@article{ling,
  title={A two-phase mixing layer between parallel gas and liquid streams: multiphase turbulence statistics and influence of interfacial instability},
  author={Ling, Y and Fuster, Daniel and Tryggvason, G and Zaleski, S},
  journal={Journal of Fluid Mechanics},
  volume={859},
  pages={268--307},
  year={2019},
  publisher={Cambridge University Press}
}

@article{lydia_3,
  title={Unsteady sheet fragmentation: droplet sizes and speeds},
  author={Wang, Y and Bourouiba, L},
  journal={Journal of Fluid Mechanics},
  volume={848},
  pages={946--967},
  year={2018},
  publisher={Cambridge University Press}
}

@article{bremond,
  title={Atomization of undulating liquid sheets},
  author={Bremond, Nicolas and Clanet, Christophe and Villermaux, Emmanuel},
  journal={Journal of Fluid Mechanics},
  volume={585},
  pages={421--456},
  year={2007},
  publisher={Cambridge; New York: Cambridge University Press, 1956-}
}

@article{hole_sheet,
  title={A photographic investigation into the disintegration of liquid sheets},
  author={Dombrowski, Norman and Fraser, RP},
  journal={Philosophical Transactions of the Royal Society of London. Series A, Mathematical and Physical Sciences},
  volume={247},
  number={924},
  pages={101--130},
  year={1954},
  publisher={The Royal Society London}
}
 
@article{hole_drop,
  title={Droplet-air collision dynamics: Evolution of the film thickness},
  author={Opfer, L and Roisman, IV and Venzmer, J and Klostermann, M and Tropea, C},
  journal={Physical Review E},
  volume={89},
  number={1},
  pages={013023},
  year={2014},
  publisher={APS}
}

@article{khi,
  title={Kelvin--Helmholtz instability of finite amplitude},
  author={Drazin, PG},
  journal={Journal of Fluid Mechanics},
  volume={42},
  number={2},
  pages={321--335},
  year={1970},
  publisher={Cambridge University Press}
}

@article{drop_breakup,
  title={Structure and breakup properties of sprays},
  author={Faeth, GM and Hsiang, L-P and Wu, P-K},
  journal={International Journal of Multiphase Flow},
  volume={21},
  pages={99--127},
  year={1995},
  publisher={Elsevier}
}

@misc{monin1971statistical,
  title={Statistical Fluid Mechanics of Turbulence, Vol. 2},
  author={Monin, AS and Yaglom, AM},
  year={1971},
  publisher={MIT Press, Cambridge}
}

